<collection xmlns="http://www.loc.gov/MARC21/slim"><record><leader>00772nam  2200229   450</leader><controlfield tag="001">318</controlfield><controlfield tag="003">http://montalegre.opacnet.com/OPAC/default.aspx?ContentAreaControl=ShowRegHoldings.ascx&amp;RegNo=16662</controlfield><datafield tag="100" ind1=" " ind2=" "><subfield code="a">20061013d1987----m  y0pora010305  ba</subfield></datafield><datafield tag="101" ind1="1" ind2=" "><subfield code="a">por</subfield><subfield code="c">fre</subfield></datafield><datafield tag="102" ind1=" " ind2=" "><subfield code="a">PT</subfield><subfield code="b">Lisboa</subfield></datafield><datafield tag="200" ind1="1" ind2=" "><subfield code="a">Emily L</subfield><subfield code="f">Marguerite Duras</subfield><subfield code="g">trad. de José Carlos González</subfield></datafield><datafield tag="210" ind1=" " ind2=" "><subfield code="a">Lisboa</subfield><subfield code="c">Livros do Brasil</subfield><subfield code="d">1988</subfield></datafield><datafield tag="215" ind1=" " ind2=" "><subfield code="a">162 p.</subfield><subfield code="d">22 cm</subfield></datafield><datafield tag="225" ind1="2" ind2=" "><subfield code="a">Dois mundos</subfield><subfield code="v">169</subfield></datafield><datafield tag="606" ind1=" " ind2=" "><subfield code="a">Literatura francesa</subfield></datafield><datafield tag="608" ind1=" " ind2=" "><subfield code="a">Romance</subfield></datafield><datafield tag="675" ind1=" " ind2=" "><subfield code="a">821</subfield><subfield code="v">BN</subfield><subfield code="z">por</subfield></datafield><datafield tag="700" ind1=" " ind2="1"><subfield code="a">Duras</subfield><subfield code="b">Marguerite</subfield><subfield code="f">1914-1996</subfield></datafield><datafield tag="702" ind1=" " ind2="1"><subfield code="a">González</subfield><subfield code="b">José Carlos</subfield><subfield code="f">1937-2000</subfield><subfield code="4">730</subfield></datafield><datafield tag="801" ind1=" " ind2="0"><subfield code="a">PT</subfield><subfield code="b">Biblioteca Municipal de Montalegre</subfield><subfield code="g">RPC</subfield></datafield><datafield tag="856" ind1=" " ind2=" "><subfield code="u">locateMedia.asp?cod=20060511142419&amp;ext=jpg</subfield><subfield code="z">CAPA</subfield></datafield><datafield tag="909" ind1="&#9;" ind2=" "><subfield code="a">2</subfield></datafield><datafield tag="966" ind1=" " ind2=" "><subfield code="a">0008317</subfield><subfield code="l">BMM</subfield><subfield code="s">SCG 821 DUR emi 169</subfield></datafield><datafield tag="966" ind1=" " ind2=" "><subfield code="a">0008809</subfield><subfield code="l">BMM</subfield><subfield code="s">SCG 821 DUR emi 169</subfield></datafield></record></collection>